{
  "leader": "01987cam a22004451i 4500",
  "fields": [
    {
      "001": "ocm01238437\\"
    },
    {
      "003": "OCoLC"
    },
    {
      "005": "20220713064346.0"
    },
    {
      "008": "770908r19621927mdu\\\\\\\\\\\\\\\\\\\\\\000\\0\\eng\\\\"
    },
    {
      "010": {
        "ind1": "\\",
        "ind2": "\\",
        "subfields": [
          {
            "a": "   27011418 "
          }
        ]
      }
    },
    {
      "040": {
        "ind1": "\\",
        "ind2": "\\",
        "subfields": [
          {
            "a": "DLC"
          },
          {
            "b": "eng"
          },
          {
            "e": "rda"
          },
          {
            "c": "DLC"
          },
          {
            "d": "SBH"
          },
          {
            "d": "OCLCQ"
          },
          {
            "d": "BTCTA"
          },
          {
            "d": "HLS"
          },
          {
            "d": "OCLCG"
          },
          {
            "d": "NRU"
          },
          {
            "d": "CNMBL"
          },
          {
            "d": "OCLCO"
          },
          {
            "d": "OCLCF"
          },
          {
            "d": "OCLCQ"
          },
          {
            "d": "KLH"
          },
          {
            "d": "OCLCQ"
          },
          {
            "d": "TMC"
          },
          {
            "d": "OCLCO"
          },
          {
            "d": "OCLCQ"
          },
          {
            "d": "OCLCO"
          },
          {
            "d": "OCLCA"
          },
          {
            "d": "CSA"
          },
          {
            "d": "OCLCO"
          },
          {
            "d": "OCLCA"
          },
          {
            "d": "DCHUA"
          },
          {
            "d": "OCLCO"
          },
          {
            "d": "CPO"
          },
          {
            "d": "OCLCO"
          },
          {
            "d": "OCLCA"
          },
          {
            "d": "OCLCO"
          }
        ]
      }
    },
    {
      "019": {
        "ind1": "\\",
        "ind2": "\\",
        "subfields": [
          {
            "a": "523896"
          }
        ]
      }
    },
    {
      "035": {
        "ind1": "\\",
        "ind2": "\\",
        "subfields": [
          {
            "a": "(OCoLC)1238437"
          },
          {
            "z": "(OCoLC)523896"
          }
        ]
      }
    },
    {
      "050": {
        "ind1": "0",
        "ind2": "0",
        "subfields": [
          {
            "a": "Q125"
          },
          {
            "b": ".S32"
          }
        ]
      }
    },
    {
      "060": {
        "ind1": "\\",
        "ind2": "4",
        "subfields": [
          {
            "a": "Q 125 S251i 1948"
          }
        ]
      }
    },
    {
      "082": {
        "ind1": "0",
        "ind2": "4",
        "subfields": [
          {
            "a": "509"
          },
          {
            "b": "SAR"
          }
        ]
      }
    },
    {
      "100": {
        "ind1": "1",
        "ind2": "\\",
        "subfields": [
          {
            "a": "Sarton, George,"
          },
          {
            "d": "1884-1956."
          }
        ]
      }
    },
    {
      "245": {
        "ind1": "1",
        "ind2": "0",
        "subfields": [
          {
            "a": "Introduction to the history of science /"
          },
          {
            "c": "by George Sarton."
          }
        ]
      }
    },
    {
      "264": {
        "ind1": "\\",
        "ind2": "1",
        "subfields": [
          {
            "a": "Baltimore :"
          },
          {
            "b": "Williams & Wilkins Co."
          },
          {
            "c": "[\u00a91927-1948]"
          }
        ]
      }
    },
    {
      "300": {
        "ind1": "\\",
        "ind2": "\\",
        "subfields": [
          {
            "a": "3 volumes in 5 ;"
          },
          {
            "c": "27 cm."
          }
        ]
      }
    },
    {
      "336": {
        "ind1": "\\",
        "ind2": "\\",
        "subfields": [
          {
            "a": "text"
          },
          {
            "b": "txt"
          },
          {
            "2": "rdacontent"
          }
        ]
      }
    },
    {
      "337": {
        "ind1": "\\",
        "ind2": "\\",
        "subfields": [
          {
            "a": "unmediated"
          },
          {
            "b": "n"
          },
          {
            "2": "rdamedia"
          }
        ]
      }
    },
    {
      "338": {
        "ind1": "\\",
        "ind2": "\\",
        "subfields": [
          {
            "a": "volume"
          },
          {
            "b": "nc"
          },
          {
            "2": "rdacarrier"
          }
        ]
      }
    },
    {
      "490": {
        "ind1": "1",
        "ind2": "\\",
        "subfields": [
          {
            "a": "Carnegie institution of Washington. Publication"
          },
          {
            "v": "no. 376"
          }
        ]
      }
    },
    {
      "505": {
        "ind1": "0",
        "ind2": "\\",
        "subfields": [
          {
            "a": "I. From Homer to Omar Khayyam.--II. From Rabbi Ben Ezra to Roger Bacon, pt. 1-2.--III. Science and learning in the fourteenth century, pt. 1-2."
          }
        ]
      }
    },
    {
      "650": {
        "ind1": "\\",
        "ind2": "0",
        "subfields": [
          {
            "a": "Science"
          },
          {
            "x": "History."
          }
        ]
      }
    },
    {
      "650": {
        "ind1": "\\",
        "ind2": "0",
        "subfields": [
          {
            "a": "Scientists."
          }
        ]
      }
    },
    {
      "650": {
        "ind1": "\\",
        "ind2": "2",
        "subfields": [
          {
            "a": "Science"
          },
          {
            "x": "history"
          }
        ]
      }
    },
    {
      "650": {
        "ind1": "\\",
        "ind2": "7",
        "subfields": [
          {
            "a": "Science."
          },
          {
            "2": "fast"
          },
          {
            "0": "(OCoLC)fst01108176"
          }
        ]
      }
    },
    {
      "650": {
        "ind1": "\\",
        "ind2": "7",
        "subfields": [
          {
            "a": "Scientists."
          },
          {
            "2": "fast"
          },
          {
            "0": "(OCoLC)fst01108895"
          }
        ]
      }
    },
    {
      "655": {
        "ind1": "\\",
        "ind2": "7",
        "subfields": [
          {
            "a": "History."
          },
          {
            "2": "fast"
          },
          {
            "0": "(OCoLC)fst01411628"
          }
        ]
      }
    },
    {
      "776": {
        "ind1": "0",
        "ind2": "8",
        "subfields": [
          {
            "i": "Online version:"
          },
          {
            "a": "Sarton, George, 1884-1956."
          },
          {
            "t": "Introduction to the history of science ."
          },
          {
            "d": "Baltimore, Pub. for the Carnegie Institution of Washington, by the Williams & Wilkins Co. [\u00a91927-1948, reprinted 1962]"
          },
          {
            "w": "(OCoLC)609837000"
          }
        ]
      }
    },
    {
      "830": {
        "ind1": "\\",
        "ind2": "0",
        "subfields": [
          {
            "a": "Carnegie Institution of Washington publication ;"
          },
          {
            "v": "376."
          }
        ]
      }
    },
    {
      "994": {
        "ind1": "\\",
        "ind2": "\\",
        "subfields": [
          {
            "a": "Z0"
          },
          {
            "b": "NYRVC"
          }
        ]
      }
    },
    {
      "948": {
        "ind1": "\\",
        "ind2": "\\",
        "subfields": [
          {
            "h": "NO HOLDINGS IN NYRVC - 488 OTHER HOLDINGS"
          }
        ]
      }
    },
    {
      "999": {
        "ind1": "\\",
        "ind2": "\\",
        "subfields": [
          {
            "a": "00000000019524"
          },
          {
            "v": "Volume 1"
          }
        ]
      }
    },
    {
      "999": {
        "ind1": "\\",
        "ind2": "\\",
        "subfields": [
          {
            "a": "00000000019532"
          },
          {
            "v": "Volume 2 part 1"
          }
        ]
      }
    },
    {
      "999": {
        "ind1": "\\",
        "ind2": "\\",
        "subfields": [
          {
            "a": "00000000019528"
          },
          {
            "v": "Volume 2 part 2"
          }
        ]
      }
    },
    {
      "999": {
        "ind1": "\\",
        "ind2": "\\",
        "subfields": [
          {
            "a": "no barcode"
          },
          {
            "v": "Volume 3 part 1"
          }
        ]
      }
    },
    {
      "999": {
        "ind1": "\\",
        "ind2": "\\",
        "subfields": [
          {
            "a": "no barcode"
          },
          {
            "v": "Volume 3 part 2"
          }
        ]
      }
    }
  ]
}